<?xml version="1.0" encoding="UTF-8"?><collection xmlns="http://www.loc.gov/MARC21/slim"><record><leader>00675nam--2200205-i-4500</leader><controlfield tag="001">000021136</controlfield><controlfield tag="002">20161230</controlfield><controlfield tag="005">20161230201034</controlfield><controlfield tag="008">060222s1000------------r-----000-0-eng-d</controlfield><datafield ind1=" " ind2=" " tag="040"><subfield code="a">IFIN-HH</subfield></datafield><datafield ind1=" " ind2=" " tag="080"><subfield code="a">541.11</subfield></datafield><datafield ind1="1" ind2=" " tag="100"><subfield code="a">Kubaschewski, O</subfield></datafield><datafield ind1="1" ind2="0" tag="245"><subfield code="a">Metallurgical thermochemistry</subfield><subfield code="b">Metal physics and physical metallurgy vol. 1</subfield><subfield code="c">O. kubaschewski, e.ll. evans</subfield></datafield><datafield ind1=" " ind2=" " tag="250"><subfield code="a">Second Edition (Completely Revised And Reset)</subfield></datafield><datafield ind1=" " ind2=" " tag="260"><subfield code="a">London</subfield><subfield code="b">Pergamon Press Ltd</subfield><subfield code="c">1955</subfield></datafield><datafield ind1=" " ind2=" " tag="300"><subfield code="a">XIV + 410P</subfield></datafield><datafield ind1=" " ind2=" " tag="490"><subfield code="a">International Series Of Monographs On Metal Physics And Physical Metallurgy</subfield></datafield><datafield ind1="1" ind2=" " tag="700"><subfield code="a">Evans, E.Ll</subfield></datafield><datafield ind1=" " ind2=" " tag="852"><subfield code="a">11749</subfield><subfield code="c">539.2</subfield></datafield><datafield ind1=" " ind2=" " tag="CAT"><subfield code="a">Sys</subfield><subfield code="c">20121002</subfield><subfield code="h">170855</subfield></datafield></record></collection>